@article{pngalgo,
author = {Izhikevich, Eugene M.},
title = {Polychronization: Computation with Spikes},
year = {2006},
issue_date = {February 2006},
publisher = {MIT Press},
address = {Cambridge, MA, USA},
volume = {18},
number = {2},
issn = {0899-7667},
url = {https://doi.org/10.1162/089976606775093882},
doi = {10.1162/089976606775093882},
journal = {Neural Comput.},
month = {feb},
pages = {245–282},
numpages = {38}
}
@article{pngintro,
  title={Spike-timing theory of working memory},
  author={Szatm{\'a}ry, Botond and Izhikevich, Eugene M},
  journal={PLoS computational biology},
  volume={6},
  number={8},
  pages={e1000879},
  year={2010},
  publisher={Public Library of Science San Francisco, USA}
}
@article{simtools,
  title={Simulation of networks of spiking neurons: a review of tools and strategies},
  author={Brette, Romain and Rudolph, Michelle and Carnevale, Ted and Hines, Michael and Beeman, David and Bower, James M and Diesmann, Markus and Morrison, Abigail and Goodman, Philip H and Harris, Frederick C and others},
  journal={Journal of computational neuroscience},
  volume={23},
  number={3},
  pages={349--398},
  year={2007},
  publisher={Springer}
}      

@article{nonlinearvisual,
author = {Jens Kremkow  and Jianzhong Jin  and Stanley J. Komban  and Yushi Wang  and Reza Lashgari  and Xiaobing Li  and Michael Jansen  and Qasim Zaidi  and Jose-Manuel Alonso },
title = {Neuronal nonlinearity explains greater visual spatial resolution for darks than lights},
journal = {Proceedings of the National Academy of Sciences},
volume = {111},
number = {8},
pages = {3170-3175},
year = {2014},
doi = {10.1073/pnas.1310442111},
URL = {https://www.pnas.org/doi/abs/10.1073/pnas.1310442111},
eprint = {https://www.pnas.org/doi/pdf/10.1073/pnas.1310442111},
}

@article{poglevels,
  title={The levels of understanding framework, revised},
  author={Poggio, Tomaso},
  journal={Perception},
  volume={41},
  number={9},
  pages={1017--1023},
  year={2012},
  publisher={SAGE Publications Sage UK: London, England}
}

@inproceedings{memorizationdeep,
  title={A closer look at memorization in deep networks},
  author={Arpit, Devansh and Jastrz{\k{e}}bski, Stanis{\l}aw and Ballas, Nicolas and Krueger, David and Bengio, Emmanuel and Kanwal, Maxinder S and Maharaj, Tegan and Fischer, Asja and Courville, Aaron and Bengio, Yoshua and others},
  booktitle={International conference on machine learning},
  pages={233--242},
  year={2017},
  organization={PMLR}
}

@INPROCEEDINGS{bodybot,
  author={Marques, Hugo Gravato and Jäntsch, Michael and Wittmeier, Steffen and Holland, Owen and Alessandro, Cristiano and Diamond, Alan and Lungarella, Max and Knight, Rob},
  booktitle={2010 10th IEEE-RAS International Conference on Humanoid Robots}, 
  title={ECCE1: The first of a series of anthropomimetic musculoskeletal upper torsos}, 
  year={2010},
  volume={},
  number={},
  pages={391-396},
  doi={10.1109/ICHR.2010.5686344}
  }
  
  @ARTICLE{neurobot,
  author={Gamez, David and Fountas, Zafeirios and Fidjeland, Andreas K.},
  journal={IEEE Transactions on Computational Intelligence and AI in Games}, 
  title={A Neurally Controlled Computer Game Avatar With Humanlike Behavior}, 
  year={2013},
  volume={5},
  number={1},
  pages={1-14},
  doi={10.1109/TCIAIG.2012.2228483}
  }
  
  @article{firingpatterns,
    title = {Intrinsic firing patterns of diverse neocortical neurons},
    journal = {Trends in Neurosciences},
    volume = {13},
    number = {3},
    pages = {99-104},
    year = {1990},
    issn = {0166-2236},
    doi = {https://doi.org/10.1016/0166-2236(90)90185-D},
    url = {https://www.sciencedirect.com/science/article/pii/016622369090185D},
    author = {Barry W. Connors and Michael J. Gutnick},
}
@article{chattercells,
author = {Charles M. Gray  and David A. McCormick },
title = {Chattering Cells: Superficial Pyramidal Neurons Contributing to the Generation of Synchronous Oscillations in the Visual Cortex},
journal = {Science},
volume = {274},
number = {5284},
pages = {109-113},
year = {1996},
doi = {10.1126/science.274.5284.109},
URL = {https://www.science.org/doi/abs/10.1126/science.274.5284.109},
eprint = {https://www.science.org/doi/pdf/10.1126/science.274.5284.109},
}
@article{twonetworks,
  title={Two networks of electrically coupled inhibitory neurons in neocortex},
  author={Jay R. Gibson and Michael Beierlein and Barry W. Connors},
  journal={Nature},
  year={1999},
  volume={402},
  pages={75-79}
}
@article{parabolicbursting,
    author = {Ermentrout, G. B. and Kopell, N.},
    title = {Parabolic Bursting in an Excitable System Coupled with a Slow Oscillation},
    journal = {SIAM Journal on Applied Mathematics},
    volume = {46},
    number = {2},
    pages = {233-253},
    year = {1986},
    doi = {10.1137/0146017},
    URL = { https://doi.org/10.1137/0146017},
    eprint = { https://doi.org/10.1137/0146017F}
}
@article{neuralexcite,
  title={Neural excitability, spiking and bursting},
  author={Izhikevich, Eugene M},
  journal={International journal of bifurcation and chaos},
  volume={10},
  number={06},
  pages={1171--1266},
  year={2000},
  publisher={World Scientific}
}
@ARTICLE{whichmodel,  
    author={Izhikevich, E.M.},  
    journal={IEEE Transactions on Neural Networks},   
    title={Which model to use for cortical spiking neurons?},  
    year={2004},  
    volume={15},  
    number={5},  
    pages={1063-1070},  
    doi={10.1109/TNN.2004.832719}
    }
    @article{modelsofsr,
  title={Models of neuronal stimulus-response functions: elaboration, estimation, and evaluation},
  author={Meyer, Arne F and Williamson, Ross S and Linden, Jennifer F and Sahani, Maneesh},
  journal={Frontiers in systems neuroscience},
  volume={10},
  pages={109},
  year={2017},
  publisher={Frontiers}
}
@article{hodgkinquantitative,
  title={A quantitative description of membrane current and its application to conduction and excitation in nerve},
  author={Hodgkin, Alan L and Huxley, Andrew F},
  journal={The Journal of physiology},
  volume={117},
  number={4},
  pages={500},
  year={1952},
  publisher={Wiley-Blackwell}
}
@ARTICLE{simplemodel,  
    author={Izhikevich, E.M.},  
    journal={IEEE Transactions on Neural Networks},   
    title={Simple model of spiking neurons},   
    year={2003},  
    volume={14},  
    number={6},  
    pages={1569-1572},  
    doi={10.1109/TNN.2003.820440}
}
@article{novelhybrid,
  title={A novel hybrid spiking neuron: Bifurcations, responses, and on-chip learning},
  author={Hashimoto, Sho and Torikai, Hiroyuki},
  journal={IEEE Transactions on Circuits and Systems I: Regular Papers},
  volume={57},
  number={8},
  pages={2168--2181},
  year={2010},
  publisher={IEEE}
}
@article{ppseq,
  title={Point process models for sequence detection in high-dimensional neural spike trains},
  author={Williams, Alex and Degleris, Anthony and Wang, Yixin and Linderman, Scott},
  journal={Advances in neural information processing systems},
  volume={33},
  pages={14350--14361},
  year={2020}
}

@misc{grandchal,
  title={The central role of neuroinformatics in the national academy of engineering’s grandest challenge: reverse engineer the brain},
  author={Roysam, Badrinath and Shain, William and Ascoli, Giorgio A},
  journal={Neuroinformatics},
  volume={7},
  number={1},
  pages={1--5},
  year={2009},
  publisher={Springer}
}